@article{berners2001semantic,
    title={The semantic web},
    author={Berners-Lee, Tim and Hendler, James and Lassila, Ora},
    journal={Scientific american},
    volume={284},
    number={5},
    pages={34--43},
    year={2001},
    publisher={JSTOR}
}

@misc{semanticwebstack,
    author={Berners-Lee, Tim},
    title={WWW Past, present and future},
    year={2005},
    url={https://www.w3.org/2003/Talks/0922-rsoc-tbl/}
}

@inproceedings{horrocks2005semantic,
    title={Semantic web architecture: Stack or two towers?},
    author={Horrocks, Ian and Parsia, Bijan and Patel-Schneider, Peter and Hendler, James},
    booktitle={International Workshop on Principles and Practice of Semantic Web Reasoning},
    pages={37--41},
    year={2005},
    organization={Springer}
}

@manual{unicode,
    title={Unicode characters — A Global Standard to Support ALL the World’s Languages},
    organisation={Unicode}
}

@manual{uri,
    title={URI-spec},
    organisation={W3C}
}

@misc{bray2000extensible,
  title={Extensible markup language (XML) 1.0},
  author={Bray, Tim and Paoli, Jean and Sperberg-McQueen, C Michael and Maler, Eve and Yergeau, Franois and others},
  year={2000},
  publisher={W3C recommendation October}
}

@article{bray1999namespaces,
  title={Namespaces in XML},
  author={Bray, Tim and Hollander, Dave and Layman, Andrew and Tobin, Richard},
  journal={World Wide Web Consortium Recommendation REC-xml-names-19990114. http://www. w3. org/TR/1999/REC-xml-names-19990114},
  year={1999}
}

@misc{gruber2018ontology,
  title={What is an ontology?},
  author={Gruber, Tom},
  year={2018}
}

@misc{berners2006linkeddata,
    title={Linked Data},
    author={Berners Lee, Tim},
    year={2006}
}

@article{lassila1998resource,
  title={Resource description framework (RDF) model and syntax specification},
  author={Lassila, Ora and Swick, Ralph R and others},
  year={1998},
  publisher={Citeseer}
}

@article{klyne2009resource,
  title={Resource description framework (rdf): concepts and abstract syntax, 2004},
  author={Klyne, Graham and Carroll, Jeremy J and McBride, B},
  journal={February. URL: http://www. w3. org/TR/2004/REC-rdf-concepts-20040210},
  year={2009}
}

@article{heath2011linked,
  title={Linked data: Evolving the web into a global data space},
  author={Heath, Tom and Bizer, Christian},
  journal={Synthesis lectures on the semantic web: theory and technology},
  volume={1},
  number={1},
  pages={1--136},
  year={2011},
  publisher={Morgan \& Claypool Publishers}
}

@article{manola2004rdf,
  title={RDF primer},
  author={Manola, Frank and Miller, Eric and McBride, Brian and others},
  journal={W3C recommendation},
  volume={10},
  number={1-107},
  pages={6},
  year={2004}
}

@article{adida2012rdfa,
  title={RDFa 1.1 Primer},
  author={Adida, Ben and Herman, Ivan and Sporny, Manu and Birbeck, Mark},
  journal={Rich Structured Data Markup for Web Documents. Online verf{\"u}gbar unter http://www. w3. org/TR/xhtml-rdfa-primer/, zuletzt gepr{\"u}ft am},
  volume={9},
  pages={2016},
  year={2012}
}

@article{beckett2014rdfturtle,
  title={RDF 1.1 Turtle},
  author={Beckett, David and Berners-Lee, Tim and Prud’hommeaux, Eric and Carothers, Gavin},
  journal={World Wide Web Consortium},
  year={2014}
}

@article{beckett2014rdfntriples,
  title={Rdf 1.1 n-triples},
  author={Beckett, David and Grant, Jan},
  journal={URL: https://www. w3. org/TR/n-triples},
  year={2014}
}

@article{sporny2012json,
  title={JSON-LD Syntax 1.0},
  author={Sporny, Manu and Longley, Dave and Kellogg, Gregg and Lanthaler, Markus and Birbeck, Mark},
  journal={W3C Community Group Final Specification},
  year={2012}
}

@misc{sparql2011acronym,
    title={Re: What does SPARQL stand for?},
    author={Beckett, Dave},
    howpublished={mail},
    note={URL: https://lists. w3. org/Archives/Public/semantic-web/2011Oct/0041},
    year={2011}
}

@article{sparql2013querylanguage,
    title={SPARQL 1.1 Query Language},
    author={Harris, Steve and Seaborne, Andy},
    journal={World Wide Web Consortium},
    year={2013}
}

@inproceedings{taelman2018comunica,
  title={Comunica: a modular SPARQL query engine for the web},
  author={Taelman, Ruben and Van Herwegen, Joachim and Vander Sande, Miel and Verborgh, Ruben},
  booktitle={International Semantic Web Conference},
  pages={239--255},
  year={2018},
  organization={Springer}
}

@article{feigenbaum2013sparql,
  title={SPARQL 1.1 Protocol},
  author={Feigenbaum, Lee and Williams, Gregory Todd and Clark, Kendall Grant and Torres, Elias},
  journal={Recommendation, W3C, March},
  year={2013}
}

@misc{ogcdocs,
    title={Open Geospatial Consortium},
    note={URL: https://ogc. org}
}

@article{shen2018classification,
  title={Classification of topological relations between spatial objects in two-dimensional space within the dimensionally extended 9-intersection model},
  author={Shen, Jingwei and Chen, Min and Liu, Xintao},
  journal={Transactions in GIS},
  volume={22},
  number={2},
  pages={514--541},
  year={2018},
  publisher={Wiley Online Library}
}

@misc{geosparqlsupport,
    title={GeoSPARQL support: What is GeoSPARQL},
    note={URL: http://graphdb. ontotext. com/documentation/standard/geosparql-support. html}
}